%%% JFA %%%

@inproceedings{rong2006jump,
  title={Jump flooding in GPU with applications to Voronoi diagram and distance transform},
  author={Rong, Guodong and Tan, Tiow-Seng},
  booktitle={Proceedings of the 2006 symposium on Interactive 3D graphics and games},
  pages={109--116},
  year={2006}
}

%%% SKW %%%

@inproceedings{schneider2009gpu,
  title={GPU-based real-time discrete Euclidean distance transforms with precise error bounds.},
  author={Schneider, Jens and Kraus, Martin and Westermann, R{\"u}diger},
  booktitle={VISAPP (1)},
  pages={435--442},
  year={2009}
}

%%% FastGPU %%%

@inproceedings{de2017fast,
  title={A fast CUDA-based implementation for the Euclidean distance transform},
  author={de Assis Zampirolli, Francisco and Filipe, Leonardo},
  booktitle={2017 International Conference on High Performance Computing \& Simulation (HPCS)},
  pages={815--818},
  year={2017},
  organization={IEEE}
}

%%% PBA %%%

@inproceedings{cao2010parallel,
  title={Parallel banding algorithm to compute exact distance transform with the GPU},
  author={Cao, Thanh-Tung and Tang, Ke and Mohamed, Anis and Tan, Tiow-Seng},
  booktitle={Proceedings of the 2010 ACM SIGGRAPH symposium on Interactive 3D Graphics and Games},
  pages={83--90},
  year={2010}
}

%%% Honda %%%

@inproceedings{honda2017simple,
  title={Simple and fast parallel algorithms for the Voronoi map and the Euclidean distance map, with GPU implementations},
  author={Honda, Takumi and Yamamoto, Shinnosuke and Honda, Hiroaki and Nakano, Koji and Ito, Yasuaki},
  booktitle={2017 46th International Conference on Parallel Processing (ICPP)},
  pages={362--371},
  year={2017},
  organization={IEEE}
}

%%%%%%%%%%%%%%%%%%%%%%%%%%%%%%%%%%%%%%%%%%%%%%%%%%%%%%%%%%%%%%%%%%%%%%%%%%%%%%%%

@inproceedings{sud2006interactive,
  title={Interactive 3D distance field computation using linear factorization},
  author={Sud, Avneesh and Govindaraju, Naga and Gayle, Russell and Manocha, Dinesh},
  booktitle={Proceedings of the 2006 symposium on Interactive 3D graphics and games},
  pages={117--124},
  year={2006}
}

@inproceedings{hoff1999fast,
  title={Fast computation of generalized Voronoi diagrams using graphics hardware},
  author={Hoff III, Kenneth E and Keyser, John and Lin, Ming and Manocha, Dinesh and Culver, Tim},
  booktitle={Proceedings of the 26th annual conference on Computer graphics and interactive techniques},
  pages={277--286},
  year={1999}
}

@article{fischer2006fast,
  title={Fast approximation of high-order Voronoi diagrams and distance transforms on the GPU},
  author={Fischer, Ian and Gotsman, Craig},
  journal={Journal of Graphics Tools},
  volume={11},
  number={4},
  pages={39--60},
  year={2006},
  publisher={Taylor \& Francis}
}

@inproceedings{rong2007variants,
  title={Variants of jump flooding algorithm for computing discrete Voronoi diagrams},
  author={Rong, Guodong and Tan, Tiow-Seng},
  booktitle={4th International Symposium on Voronoi Diagrams in Science and Engineering (ISVD 2007)},
  pages={176--181},
  year={2007},
  organization={IEEE}
}

@article{manduhu2019work,
  title={A work efficient parallel Algorithm for exact Euclidean distance transform},
  author={Manduhu, Manduhu and Jones, Mark W},
  journal={IEEE Transactions on Image Processing},
  volume={28},
  number={11},
  pages={5322--5335},
  year={2019},
  publisher={IEEE}
}

@inproceedings{yuan2011generalized,
  title={Generalized Voronoi diagram computation on GPU},
  author={Yuan, Zhan and Rong, Guodong and Guo, Xiaohu and Wang, Wenping},
  booktitle={2011 Eighth International Symposium on Voronoi Diagrams in Science and Engineering},
  pages={75--82},
  year={2011},
  organization={IEEE}
}

@inproceedings{pu2018selecting,
  title={Selecting representative examples for program synthesis},
  author={Pu, Yewen and Miranda, Zachery and Solar-Lezama, Armando and Kaelbling, Leslie},
  booktitle={International Conference on Machine Learning},
  pages={4161--4170},
  year={2018},
  organization={PMLR}
}

@article{balog2016deepcoder,
  title={Deepcoder: Learning to write programs},
  author={Balog, Matej and Gaunt, Alexander L and Brockschmidt, Marc and Nowozin, Sebastian and Tarlow, Daniel},
  journal={arXiv preprint arXiv:1611.01989},
  year={2016}
}
